@INPROCEEDINGS{FPGA_SVD_ma, 
	author={Weiwei Ma and Kaye, M.E. and Luke, D.M. and Doraiswami, R.}, 
	booktitle={Electrical and Computer Engineering, 2006. CCECE '06. Canadian
		Conference on}, 
	title={An FPGA-Based Singular Value Decomposition Processor}, 
	year={2006}, 
	month={May}, 
	pages={1047-1050}, 
	keywords={Jacobian matrices;field programmable gate arrays;finite state
		machines;mathematics computing;mesh generation;singular value
			decomposition;FPGA;Jacobi SVD algorithm;Matlab;Virtex-II;Xilinx;coordinate
			rotation digital computer algorithm;field programmable gate
			array;hardware-efficient solution;mesh-connected array structure;singular value
			decomposition processor;trigonometric function;vector
			multiplication;Algebra;Computer architecture;Concurrent computing;Field
			programmable gate arrays;Jacobian matrices;Matrix decomposition;Parallel
			processing;Robustness;Singular value decomposition;Systolic
			arrays;fpga;jacobi;singular value decomposition}, 
	doi={10.1109/CCECE.2006.277355},
}

@article{berry2006parallel,
	title={Parallel algorithms for the singular value decomposition},
	author={Berry, Michael W and Mezher, Dani and Philippe, Bernard and Sameh,
		Ahmed},
	journal={Statistics Textbooks and Monographs},
	volume={184},
	pages={117},
	year={2006},
	publisher={MARCEL DEKKER AG}
}

@article{halko2011finding,
	title={Finding structure with randomness: Probabilistic algorithms for
		constructing approximate matrix decompositions},
	author={Halko, Nathan and Martinsson, Per-Gunnar and Tropp, Joel A},
	journal={SIAM review},
	volume={53},
	number={2},
	pages={217--288},
	year={2011},
	publisher={SIAM}
}

